@manual{Taheri,
	Author = {T. Sona and M. Musa},
	Title = {Structure learning of Bayesian Networks using global optimization with applications in data classification},
	Year = {2013},
	Address = {Berlin, Alemanha},
	Pages = {28}
}

Fenton NE, Pfleeger SL (1998) Software metrics: a rigorous and practical approach, 2nd edn. PWS
Publishing, Boston
@manual{Fenton,
	Author = {NE. Fenton and SL. Pfleeger},
	Title = {Software metrics: a rigorous and practical approach},
	Year = {1998},
	Address = {Boston, USA},
	Pages = {54}
}
@manual{Sun,
	Author = {Shiliang Sun},
	Title = {A review of deterministic approximate inference techniques for Bayesian machine learning},
	Year = {2013},
	Address = {Londres, Inglaterra},
	Pages = {12}
}


@manual{Okun,
	Author = {V. Okun and R. Gaucher and P. E. Black},
	Title = {Static Analysis Tool Exposition (SATE) 2008},
	Year = {2008},
	Address = {Gaithersburg, USA},
	Pages = {64}
}
@manual{James,
	Author = {G. James and D. Witten and T. Hastie and R. Tibshirani},
	Title = {An Introduction to Statistical Learning, with applications in R},
	year = {2013},
	pages = {440}
}

@manual{Mitre,
	Author = {Mitre},
	Title = {Frequently Asked Questions (FAQ)},
	year = {2016},
	Url = {http://cwe.mitre.org/about/faq.html#A.1}
}

@manual{sqlalchemy,
	Author = {sqlalchemy},
	Title = { The Python SQL Toolkit and Object Relational Mapper},
	Year = {2016}
}

@manual{Louridas,
	Author = {P. Louridas and C. Ebert},
	Title = {Machine Learning},
	Year = {2016},
	Pages = {6}
}


@manual{Jordan,
	Author = {M. I. Jordan and T. M. Mitchell},
	Title = {Machine learning: Trends, perspectives, and prospects},
        Year = {2015},
	Address = {California, USA},
	Pages = {7}
}
@manual{Malhotra,
	Author = {Ruchika Malhotra},
	Title = {A systematic review of machine learning techniques for software fault prediction},
	Year = {2013},
	Address = {Delhi, India},
	Pages = {15}
}

@manual{Kotsavasiloglou,
	Author = {C.  Kotsavasiloglou},
	Title = {Machine learning-based classification of simple drawing movements in Parkinson’s disease},
	Year = {2016},
	Address = {Macedônia, Grécia},
	Pages = {7}
}

@manual{inmetro2003,
	Author = {INMETRO},
	Title = {Vocabulário internacional de termos fundamentais e gerais de
	metrologia},
	Year = {2013},
	Address = {Rio de Janeiro, Brasil},
	Pages = {75},
	isbn = {85-87090-90-9},
}

@inproceedings{soviero1997,
	Author = {P. A. O. Soviero and L. G. M. Lavagna},
	Title = {A Numerical Model for Thin Airfoils in Unsteady Motion},
	Year = {1997},
	Pages = {332-340},
	Volume = {19},
	Number = {3},
	Booktitle = {Journal of the Brazilian Societyt Mechanical Sciences},
}

@inproceedings{sparrow1980,
	Author = {E. M. Sparrow},
	Title = {Forced Convection Heat Transfer in a Duct Having Spanwise-Periodic
	Rectangular Protuberances},
	Year = {1980},
	Pages = {149-167},
	Volume = {3},
	Booktitle = {Numerical Heat Transfer},
}

@article{Zacchiroli,
	Author = {Roberto Di Cosmo, Stefano Zacchiroli, Paulo Trezentos},
	Title = {Package Upgrades in FOSS Distributions: Details and Challenges},
	Year = {2008},
	Url = {https://upsilon.cc/~zack/research/publications/hotswup-package-upgrade.pdf}
}

@article{Meirelles,
	Author = {Paulo Meirelles},
	Title = {Monitoramento de métricas de código-fonte em projetos de software livre},
	Year = {2013},
}


@article{Debian,
	Author = {Debian},
	Title = {The Debian GNU/Linux FAQ},
	Year = {2016},
	Url = {https://www.debian.org/doc/manuals/debian-faq/ch-basic_defs.en.html}
}


@article{Guide,
	Author = {Debian team},
	Title = {Debian Policy Manual},
	Year = {2016},
	Url = {https://www.debian.org/doc/debian-policy/ch-scope.html}
}
@article{Linux,
	Author = {Kernel},
	Title = {About Linux Kernel},
	Year = {2016},
	Url = {https://www.kernel.org/linux.html}
}

@article{Cavalcanti,
	Author = {A. M. Lucas and P. C. Luciano},
	Title = {Estratégia de contexto temporal em recomendação de pacotes GNU/Linux},
	Year = {2016},
}

@article{coimbra1978,
	Author = {A. L. Coimbra},
	Title = {Lessons of Continuum Mechanics},
	Year = {1978},
	Address = {São Paulo, Brazil},
	Pages = {428},
	Editor = {Edgard Blücher},
}

@inproceedings{bordalo1989,
	Author = {S. N. Bordalo and J. H. Ferziger and S. J. Kline},
	Title = {The Development of Zonal Models for Turbulence},
	Year = {1989},
	Pages = {41-44},
	Booktitle = {Proceedings of the 10th Brazilian Congress of Mechanical
	Engineering},
	Volume = {1},
}

@manual{NBR14724:2011,
	Address = {Rio de Janeiro},
	Date-Added = {2012-12-15 20:34:08 +0000},
	Date-Modified = {2012-12-15 20:35:25 +0000},
	Month = mar,
	Org-Short = {ABNT},
	Organization = {Associa{\c c}\~ao Brasileira de Normas T\'ecnicas},
	Pages = 15,
	Subtitle = {Informa{\c c}\~ao e documenta{\c c}\~ao --- trabalhos acad\^emicos --- apresenta{\c c}\~ao},
	Title = {{NBR} 14724},
	Year = 2011
}

@manual{NBR6034:2000,
	Address = {Rio de Janeiro},
	Org-Short = {ABNT},
	Organization = {Associa{\c c}\~ao Brasileira de Normas T\'ecnicas},
	Subtitle = {Informa{\c c}\~ao e documenta{\c c}\~ao --- Referências},
	Title = {{NBR} 14724},
	Year = 2000
}

